<?xml version="1.0" encoding="UTF-8"?><collection xmlns="http://www.loc.gov/MARC21/slim"><record><leader>00553nam--2200181-u-4500</leader><controlfield tag="001">000051315</controlfield><controlfield tag="002">20161230</controlfield><controlfield tag="005">20161230201049</controlfield><controlfield tag="008">080618s1000------------r-----000-0-eng-d</controlfield><datafield ind1=" " ind2=" " tag="040"><subfield code="a">IFIN-HH</subfield></datafield><datafield ind1=" " ind2=" " tag="080"><subfield code="a">517</subfield></datafield><datafield ind1="1" ind2=" " tag="100"><subfield code="a">Giffon, Maurice</subfield></datafield><datafield ind1="1" ind2="0" tag="245"><subfield code="a">Methode des equations differentielles pour la recherche des proprietes analytiques de certaines amplitudes de Feynman</subfield></datafield><datafield ind1=" " ind2=" " tag="260"><subfield code="a">Lyon</subfield><subfield code="b">La Faculte des sceinces de l'Universite de Lyon</subfield><subfield code="c">1968</subfield></datafield><datafield ind1=" " ind2=" " tag="300"><subfield code="a">152 p</subfield></datafield><datafield ind1="1" ind2=" " tag="700"><subfield code="a">Maurice Giffon</subfield></datafield><datafield ind1=" " ind2=" " tag="852"><subfield code="a">29148</subfield><subfield code="c">517</subfield></datafield><datafield ind1=" " ind2=" " tag="CAT"><subfield code="a">Sys</subfield><subfield code="c">20080618</subfield><subfield code="h">104239</subfield></datafield></record></collection>